<?xml version="1.0" encoding="UTF-8"?><record xmlns="http://www.loc.gov/MARC21/slim" xmlns:cinclude="http://apache.org/cocoon/include/1.0" xmlns:zs="http://www.loc.gov/zing/srw/">
  <leader>00771nz  a2200193n  4500</leader>
  <controlfield tag="001">no2005071059</controlfield>
  <controlfield tag="003">DLC</controlfield>
  <controlfield tag="005">20050804051858.0</controlfield>
  <controlfield tag="008">050803n| acaabaaan          |a ana     c</controlfield>
  <datafield tag="010" ind1=" " ind2=" ">
    <subfield code="a">no2005071059</subfield>
  </datafield>
  <datafield tag="035" ind1=" " ind2=" ">
    <subfield code="a">(OCoLC)oca06697289</subfield>
  </datafield>
  <datafield tag="040" ind1=" " ind2=" ">
    <subfield code="a">InU</subfield>
    <subfield code="b">eng</subfield>
    <subfield code="c">InU</subfield>
  </datafield>
  <datafield tag="130" ind1=" " ind2="0">
    <subfield code="a">Shanghai cai jing da xue guo ji wen hua jiao liu xue yuan xue shu cong shu</subfield>
  </datafield>
  <datafield tag="410" ind1="2" ind2=" ">
    <subfield code="a">Shanghai cai jing da xue.</subfield>
    <subfield code="b">Guo ji wen hua jiao liu xue yuan.</subfield>
    <subfield code="t">Shanghai cai jing da xue guo ji wen hua jiao liu xue yuan xue shu cong shu</subfield>
  </datafield>
  <datafield tag="643" ind1=" " ind2=" ">
    <subfield code="a">Shanghai</subfield>
    <subfield code="b">Xue lin chu ban she</subfield>
  </datafield>
  <datafield tag="644" ind1=" " ind2=" ">
    <subfield code="a">f</subfield>
    <subfield code="5">InU</subfield>
  </datafield>
  <datafield tag="645" ind1=" " ind2=" ">
    <subfield code="a">t</subfield>
    <subfield code="5">DPCC</subfield>
    <subfield code="5">InU</subfield>
  </datafield>
  <datafield tag="646" ind1=" " ind2=" ">
    <subfield code="a">s</subfield>
    <subfield code="5">InU</subfield>
  </datafield>
  <datafield tag="670" ind1=" " ind2=" ">
    <subfield code="a">Xian dai Han yu bi jiao fan chou de yu yi ren zhi ji chu, 2004:</subfield>
    <subfield code="b">t.p. (Shanghai cai jing da xue guo ji wen hua jiao liu xue yuan xue shu cong shu)</subfield>
  </datafield>
</record>